@Book{teknologiens_lab,
	editor = {Ulrik JÃ¸rgensen},
	title = {I teknologiens laboratorium},
	publisher = {Polyteknisk Forlag},
	year = {2009},
	edition = {2nd},
}